<?xml version="1.0" encoding="UTF-8"?><collection xmlns="http://www.loc.gov/MARC21/slim"><record><leader>00489nam--2200145-i-4500</leader><controlfield tag="001">000017879</controlfield><controlfield tag="002">20161230</controlfield><controlfield tag="005">20161230201032</controlfield><controlfield tag="008">060222s1000------------r-----000-0-eng-d</controlfield><datafield ind1=" " ind2=" " tag="080"><subfield code="a">621.374.634:538-97</subfield></datafield><datafield ind1=" " ind2=" " tag="245"><subfield code="a">Applications of synchrotron radiation. high- resolution studies of molecules and molecular adsorbates on surfaces</subfield></datafield><datafield ind1=" " ind2=" " tag="260"><subfield code="a">Berlin, Springer-verlag, 1995 Ix + 290 P. + 170 Fig</subfield></datafield><datafield ind1=" " ind2=" " tag="490"><subfield code="a">Springer Series In Surfae Sciences</subfield></datafield><datafield ind1=" " ind2=" " tag="700"><subfield code="a">W.Eberhardt /S.A.</subfield></datafield><datafield ind1=" " ind2=" " tag="852"><subfield code="a">80314</subfield></datafield></record></collection>